@article{kurs-metod,
title={А.Н. Миронов, Р.А. Исаев, А.Д. Лагунова / Методические рекомендации по выполнению курсовой работы по дисциплине
«информационно-технологическая инфраструктура»}
}
@online{fire-metod,
title={Шулекина М. / Пожаротушение для ЦОД или серверной: просто о сложном},
url={https://habr.com/ru/post/595117/},
}
@online{temp-metod,
title={Сайт журнала <<СТРОЙКА: Всё о строительстве>> [Электронный ресурс] / Расчет мощности кондиционера},
url={https://amg-cement.ru/onlajn-kalkulator-rasceta-mosnosti-kondicionera/},
}
% не использовал
@online{lenovo-storage-spec, 
title={Официальный сайт компании "Lenovo" [Электронный ресурс] / Спецификация систем хранения данных от "Lenovo"},
url={https://lenovopress.lenovo.com/lp0882-lenovo-thinksystem-de4000h-hybrid-storage-array#power-distribution-units},
}
@online{trinity,
title={Официальный сайт компании "Trinity" [Электронный ресурс] / Конфигуратор вычислительного кластера},
url={https://bu.trinitygroup.ru/expert/}
}
@online{trinity-storage,
title={Официальный сайт компании "Trinity" [Электронный ресурс] / Конфигуратор системы хранения данных},
url={https://storage.trinitygroup.ru/}
}
%хз как заюзать
@online{zabbix-doc,
title={Официальный сайт "Zabbix" [Электронный ресурс] / Документация "Zabbix"},
url={https://www.zabbix.com/documentation/3.0/ru/manual}
}
%хз как заюзать
@online{libreoffice-system-requirments,
title={Официальный сайт "LibreOffice" [Электронный ресурс] / Системные требования к "LibreOffice"},
url={https://www.libreoffice.org/get-help/system-requirements/},
}
%хз как хаюзать
@online{thunderbird-system-requirments,
title={Официальный сайт "Thunderbird" [Электронный ресурс] / Системные требования к "Thunderbird"},
url={https://www.thunderbird.net/en-US/thunderbird/102.5.0/system-requirements/}
}
%хз как заюзать
@online{libreoffice,
title={Официальный сайт "LibreOffice" [Электронный ресурс] / Лицензия "LibreOffice"},
url={https://www.libreoffice.org/about-us/licenses}
}
%хз куда
@online{thunderbird,
title={Официальный сайт "Thunderbird" [Электронный ресурс] / Информация о "Thunderbird"},
url={https://www.thunderbird.net/ru/}
}
%хз куда
@online{1c-price,
title={Официальный сайт компании <<1С>> [Электронный ресурс] / Цены и порядок поставки <<1С>>},
url={https://v8.1c.ru/price/}
}
%хз куда
@online{1c-system-requirments,
title={Официальный сайт компании <<1С>> [Электронный ресурс] / Системные требования к <<1С>>},
url={https://1c.ru/rus/products/1c/predpr/compat/hard/demand.htm}
}
%хз куда
@online{sklad-price,
title={Официальный сайт компании <<ООО <<Логнекс>>>> [Электронный ресурс] / Тарифы для <<МойСклад>>},
url={https://www.moysklad.ru/subscription/}
}
%хз куда
@online{sklad-system-requirments,
title={Официальный сайт компании <<ООО <<Логнекс>>>> [Электронный ресурс] / Технические требования к <<МойСклад>>},
url={https://support.moysklad.ru/hc }
}
%хз куда
@online{mobic-price,
title={Официальный сайт компании <<1С>> [Электронный ресурс] / Официальный сайт <<Моби-С>>},
url={https://mobi-c.ru/}
}
%хз куда
@online{mobic-system-requirments,
title={Официальный сайт компании <<1С>> [Электронный ресурс] / Технические требования к <<Моби-С>>},
url={https://mobi-c.ru/download.html}
}
%хз куда
@online{1c:edt,
title={Официальный сайт <<1С:EDT>> [Электронный ресурс] / Информация о <<1С:EDT>>},
url={https://edt.1c.ru/}
}
%хз куда
@online{1c:edt-system-requirments,
title={Официальный сайт <<1С:EDT>> [Электронный ресурс] / Системные требования к <<1С:EDT>>},
url={https://edt.1c.ru/docs/intro/requirements.php}
}
%хз куда
@online{agent-dvr,
title={Официальный сайт "iSpy" [Электронный ресурс] / Документация к "Agent-DVR"},
url={https://www.ispyconnect.com/userguide-agent-DVR.aspx#remote}
}
%хз куда
@online{agent-dvr-price,
title={Официальный сайт "iSpy" [Электронный ресурс] / Лицензирование "Agent-DVR" для бизнеса},
url={https://www.ispyconnect.com/licensing/agent.aspx}
}
%хз куда
@online{nerpa-site,
title={Официальный сайт компании <<Новософт>> [Электронный ресурс] / Официальный сайт "Nerpa EAM"},
url={https://www.novosoft.ru/nerpa/eam}
}
%хз куда
@online{zimbra,
title={Официальный сайт "Zimbra" [Электронный ресурс] / Официальный сайт Zimbra},
url={https://www.zimbra.com}
}
%хз куда
@online{zimbra-system-requirments,
title={Официальный сайт "Zimbra" [Электронный ресурс] / Системные требования к Zimbra},
url={http://docs.zimbra.com/docs/shared/7.1/system_requirements/}
}
%хз куда
@online{postgresql,
title={Официальный сайт "PostgreSQL" [Электронный ресурс] / Информация о "PostgreSQL"},
url={https://www.postgresql.org/}
}
%хз куда
@online{postgresql-system-requirments,
title={Официальный сайт "PostgreSQL" [Электронный ресурс] / Системные требования к PostgreSQL},
url={https://www.postgresql.org/message-id/OFFB1A9E27.E9DAB04F-ON48256DF1.000C3A60@nec.com.sg}
}
%хз куда
@online{nginx,
title={Официальный сайт "NGINX" [Электронный ресурс] / Информация о "NGINX"},
url={https://nginx.org/ru/}
}
%хз куда
@online{ubuntu,
title={Официальный сайт "Ubuntu" [Электронный ресурс] / Информация о "Ubuntu"},
url={https://ubuntu.com/}
}
%хз куда
@online{ubuntu-system-requirments,
title={Официальный сайт "Ubuntu" [Электронный ресурс] / Системные требования для "Ubuntu 22.04.01 LTS"},
url={https://ubuntu.com/download/desktop}
}
@online{android,
title={Официальный сайт "Android" [Электронный ресурс] / Информация о "Android 13"},
url={https://www.android.com/android-13/}
}
@online{android-system-requirments,
title={Официальный сайт "Android" [Электронный ресурс] / Документ определения совместимости "Android"},
url={https://source.android.com/docs/compatibility/cdd}
}
@online{debian,
title={Официальный сайт "Debian" [Электронный ресурс] / Информация о "Debian"},
url={https://www.debian.org/}
}
@online{debian-system-requirments,
title={Официальный сайт "Debian" [Электронный ресурс] / Системные требования к "Debian"},
url={https://www.debian.org/releases/stable/amd64/ch03s04.en.html}
}
@online{ansible,
title={Официальный сайт "Ansible" [Электронный ресурс] / Информация о "Ansible"},
url={https://www.ansible.com/}
}
@online{urbackup,
title={Официальный сайт "urBackup" [Электронный ресурс] / Информация о "urBackup"},
url={https://www.urbackup.org/}
}
@online{urbackup-system-requirments,
title={Официальный сайт "urBackup" [Электронный ресурс] / Документация к "urBackup"},
url={https://www.urbackup.org/administration_manual.html}
}
%saasio для камер
@online{vsaas,
title={Официальный сайт "VSAAS.io" [Электронный ресурс] / Документация к "VSAAS"},
url={https://vsaas.io/ru/}
}
@online{selectel,
title={Официальный сайт "selectel" [Электронный ресурс] / Документация к "selectel"},
url={https://selectel.ru/?utm_source=yandex&utm_medium=cpc&utm_campaign=SRH-RUS-RG-P%2FBrand_Search&utm_content=ch_yandex_direct%7Ccid_53846709%7Cgid_4262758138%7Cad_9547006587%7Cph_21535414787%7Ccrt_0%7Cpst_premium%7Cps_1%7Csrct_search%7Csrc_none%7Cdevt_desktop%7Cret_21535414787%7Cgeo_213%7Ccf_0%7Cint_%7Ctgt_21535414787%7Cadd_no%7Cmrlid_1454%7Cdop_&utm_term=selectel&etext&yclid=7498404940433911387}
}

@online{sites-name,
title={Информация о лицензии и стоимости программного обеспечения:}
}
@set{sites,
entryset={sites-name, 1c-price, sklad-price, 1c:edt, zimbra, postgresql, nginx, ubuntu, android, ansible }
}
@online{system-requirments-name,
title={Информация о системных требованиях программного обеспечения:}
}
@set{system-requirments,
entryset={system-requirments-name, libreoffice-system-requirments, 1c-system-requirments, sklad-system-requirments, mobic-system-requirments, 1c:edt-system-requirments, zimbra-system-requirments, postgresql-system-requirments, ubuntu-system-requirments, android-system-requirments,} 
}
